<?xml version="1.0" encoding="UTF-8"?><collection xmlns="http://www.loc.gov/MARC21/slim"><record><leader>00327nam--2200121-i-4500</leader><controlfield tag="001">000045700</controlfield><controlfield tag="002">20161230</controlfield><controlfield tag="005">20161230201045</controlfield><controlfield tag="008">060222s1000------------r-----000-0-eng-d</controlfield><datafield ind1=" " ind2=" " tag="100"><subfield code="a">Uhlmann, W</subfield></datafield><datafield ind1=" " ind2=" " tag="245"><subfield code="a">Radiation effects on solid, uranium-based nuclear fuel materials</subfield></datafield><datafield ind1=" " ind2=" " tag="260"><subfield code="a">Stockholm, Ab Atomenergi, 1966</subfield></datafield><datafield ind1=" " ind2=" " tag="852"><subfield code="a">D.1186</subfield></datafield></record></collection>